<?xml version="1.0" encoding="utf-8"?>
<record xmlns="http://www.loc.gov/MARC21/slim">
   <leader>01341cas a2200397Ia 4500</leader>
   <controlfield tag="001">9910425993902931</controlfield>
   <controlfield tag="005">20090403113720.0</controlfield>
   <controlfield tag="007">hd-afb020buuu</controlfield>
   <controlfield tag="008">900806d19581962gauuu pea     0uuua0eng d</controlfield>
   <datafield tag="010" ind1=" " ind2=" ">
      <subfield code="a">gua1189460</subfield>
   </datafield>
   <datafield tag="035" ind1=" " ind2=" ">
      <subfield code="a">ocm22185718</subfield>
   </datafield>
   <datafield tag="035" ind1=" " ind2=" ">
      <subfield code="9">01211396</subfield>
   </datafield>
   <datafield tag="035" ind1=" " ind2=" ">
      <subfield code="a">(GUA)1189460</subfield>
   </datafield>
   <datafield tag="040" ind1=" " ind2=" ">
      <subfield code="a">GUA</subfield>
      <subfield code="c">GUA</subfield>
   </datafield>
   <datafield tag="043" ind1=" " ind2=" ">
      <subfield code="a">n-us-ga</subfield>
   </datafield>
   <datafield tag="049" ind1=" " ind2=" ">
      <subfield code="a">[FILM] GUAB</subfield>
   </datafield>
   <datafield tag="090" ind1=" " ind2=" ">
      <subfield code="a">BX801</subfield>
      <subfield code="b">.S6</subfield>
   </datafield>
   <datafield tag="130" ind1="0" ind2=" ">
      <subfield code="a">Bulletin (Catholic Church.  Diocese of Savannah)</subfield>
   </datafield>
   <datafield tag="245" ind1="0" ind2="4">
      <subfield code="a">Bulletin</subfield>
   </datafield>
   <datafield tag="260" ind1="0" ind2="0">
      <subfield code="a">Monroe, Ga. :</subfield>
      <subfield code="b">Catholic Laymen's Association of Georgia,</subfield>
      <subfield code="c">1958-1962.</subfield>
   </datafield>
   <datafield tag="300" ind1=" " ind2=" ">
      <subfield code="a">6 v. :</subfield>
      <subfield code="b">ill.</subfield>
   </datafield>
   <datafield tag="310" ind1=" " ind2=" ">
      <subfield code="a">Fortnightly,</subfield>
   </datafield>
   <datafield tag="362" ind1="0" ind2=" ">
      <subfield code="a">Vol. 38, no. 21 (Mar. 22, 1958)-v. 43, no. 15 (Dec. 22, 1962).</subfield>
   </datafield>
   <datafield tag="533" ind1=" " ind2=" ">
      <subfield code="a">Microfilm.</subfield>
      <subfield code="b">Athens, Ga. :</subfield>
      <subfield code="c">University of Georgia Libraries.</subfield>
      <subfield code="e">1 microfilm reel ; 35 mm.</subfield>
   </datafield>
   <datafield tag="550" ind1=" " ind2=" ">
      <subfield code="a">"Official newspaper of the Diocese of Savannah."</subfield>
   </datafield>
   <datafield tag="610" ind1="2" ind2="0">
      <subfield code="a">Catholic Church</subfield>
	  <subfield code="b">Diocese of Savannah</subfield>
      <subfield code="v">Periodicals.</subfield>
   </datafield>
   <datafield tag="610" ind1="2" ind2="0">
      <subfield code="a">Catholic Church</subfield>
      <subfield code="v">Periodicals.</subfield>
   </datafield>
   <datafield tag="710" ind1="2" ind2=" ">
      <subfield code="a">Catholic Church.</subfield>
	  <subfield code="b">Diocese of Savannah.</subfield>
   </datafield>
   <datafield tag="752" ind1=" " ind2=" ">
      <subfield code="a">United States</subfield>
      <subfield code="b">Georgia</subfield>
      <subfield code="c">Chatham</subfield>
      <subfield code="d">Savannah.</subfield>
   </datafield>
      <datafield tag="752" ind1=" " ind2=" ">
      <subfield code="a">United States</subfield>
      <subfield code="b">Georgia</subfield>
      <subfield code="c">Walton</subfield>
      <subfield code="d">Monroe.</subfield>
   </datafield>
   <datafield tag="785" ind1="0" ind2="6">
      <subfield code="t">Bulletin (Catholic Church.  Diocese of Atlanta (Ga.))</subfield>
   </datafield>
   <datafield tag="780" ind1="0" ind2="0">
      <subfield code="t">Savannah bulletin</subfield>
   </datafield>   
   <datafield tag="785" ind1="0" ind2="0">
      <subfield code="t">Southern cross (Catholic Church.  Diocese of Savannah)</subfield>
   </datafield>
   <datafield tag="910" ind1=" " ind2=" ">
      <subfield code="a">cg08-06-90</subfield>
   </datafield>
   <datafield tag="910" ind1=" " ind2=" ">
      <subfield code="a">CA; NC rcb</subfield>
   </datafield>
   <datafield tag="946" ind1=" " ind2=" ">
      <subfield code="a">Marcive 2005.11.14</subfield>
   </datafield>
   <datafield tag="971" ind1=" " ind2=" ">
      <subfield code="a">19900806083243.0</subfield>
   </datafield>
   <datafield tag="973" ind1=" " ind2=" ">
      <subfield code="a">Marcive 2005.11.14</subfield>
      <subfield code="9">LOCAL</subfield>
   </datafield>
   <datafield tag="974" ind1=" " ind2=" ">
      <subfield code="a">cg08-06-90</subfield>
      <subfield code="9">LOCAL</subfield>
   </datafield>
   <datafield tag="974" ind1=" " ind2=" ">
      <subfield code="a">CA; NC rcb</subfield>
      <subfield code="9">LOCAL</subfield>
   </datafield>
</record>
